<?xml version="1.0" encoding="UTF-8"?>
<!-- Exported from RISM CH (http://www.rism-ch.org/) Dated:  -->
<marc:collection xmlns:marc="http://www.loc.gov/MARC21/slim" xmlns:xsi="http://www.w3.org/2001/XMLSchema-instance" xsi:schemaLocation="http://www.loc.gov/MARC21/slim http://www.loc.gov/standards/marcxml/schema/MARC21slim.xsd">
	<marc:record>
		<marc:leader>00000ndm a2200000 u 4500</marc:leader>
		<marc:controlfield tag="001">00000403004913</marc:controlfield>
		<marc:controlfield tag="003">CH-BeSRO</marc:controlfield>
		<marc:controlfield tag="005">20100907101816.0</marc:controlfield>
		<marc:controlfield tag="007">qu</marc:controlfield>
		<marc:controlfield tag="008">090514n||||||||||||||||||||||||||||ger|d</marc:controlfield>
		<marc:datafield tag="031" ind1=" " ind2=" ">
			<marc:subfield code="a">1.1.1</marc:subfield>
			<marc:subfield code="d">Vorspiel</marc:subfield>
			<marc:subfield code="d">Andante con moto</marc:subfield>
			<marc:subfield code="d">(Tonbild aus dem Leben Diokletians.)</marc:subfield>
			<marc:subfield code="g">G-2</marc:subfield>
			<marc:subfield code="m">vl 1</marc:subfield>
			<marc:subfield code="n">bBE</marc:subfield>
			<marc:subfield code="o">c</marc:subfield>
			<marc:subfield code="p">'6D/''4E8D-4(-)8.-'6D/''4E8D-2(-)/=1/4-</marc:subfield>
			<marc:subfield code="r">g        -</marc:subfield>
			<marc:subfield code="2">pe</marc:subfield>
		</marc:datafield>
		<marc:datafield tag="031" ind1=" " ind2=" ">
			<marc:subfield code="a">1.10.1</marc:subfield>
			<marc:subfield code="d">No.9. Duett</marc:subfield>
			<marc:subfield code="d">Andante</marc:subfield>
			<marc:subfield code="e">Pankratius</marc:subfield>
			<marc:subfield code="g">G-2</marc:subfield>
			<marc:subfield code="m">S solo</marc:subfield>
			<marc:subfield code="n">xFCG</marc:subfield>
			<marc:subfield code="o">2/4</marc:subfield>
			<marc:subfield code="p">=2/4-8-''C/ED-'A/''C'B4-/=5/4-8-</marc:subfield>
			<marc:subfield code="r">A</marc:subfield>
			<marc:subfield code="t">O Vater wird sind in enger Kerkerhaft</marc:subfield>
			<marc:subfield code="2">pe</marc:subfield>
		</marc:datafield>
		<marc:datafield tag="031" ind1=" " ind2=" ">
			<marc:subfield code="a">1.11.1</marc:subfield>
			<marc:subfield code="d">No.10. Lied der Soldaten des Sebastianus.</marc:subfield>
			<marc:subfield code="d">Vivo</marc:subfield>
			<marc:subfield code="e">Soldaten</marc:subfield>
			<marc:subfield code="g">G-2</marc:subfield>
			<marc:subfield code="m">T coro</marc:subfield>
			<marc:subfield code="n">xFCGD</marc:subfield>
			<marc:subfield code="o">c/</marc:subfield>
			<marc:subfield code="p">=4//'4G8-F4E8-G/''4C4-</marc:subfield>
			<marc:subfield code="r">E</marc:subfield>
			<marc:subfield code="t">Auf ins Feld uns gehört die Welt</marc:subfield>
			<marc:subfield code="2">pe</marc:subfield>
		</marc:datafield>
		<marc:datafield tag="031" ind1=" " ind2=" ">
			<marc:subfield code="a">1.12.1</marc:subfield>
			<marc:subfield code="d">IV.Akt. No.11. Melodram.</marc:subfield>
			<marc:subfield code="d">Allegro moderato</marc:subfield>
			<marc:subfield code="g">G-2</marc:subfield>
			<marc:subfield code="m">vl 1</marc:subfield>
			<marc:subfield code="n">bBEADG</marc:subfield>
			<marc:subfield code="o">c</marc:subfield>
			<marc:subfield code="p">4'F{8nEF}{GG}8-F/{BB}-</marc:subfield>
			<marc:subfield code="r">bb</marc:subfield>
			<marc:subfield code="2">pe</marc:subfield>
		</marc:datafield>
		<marc:datafield tag="031" ind1=" " ind2=" ">
			<marc:subfield code="a">1.13.1</marc:subfield>
			<marc:subfield code="d">No.12. Marsch und Chor</marc:subfield>
			<marc:subfield code="d">Solenne</marc:subfield>
			<marc:subfield code="g">G-2</marc:subfield>
			<marc:subfield code="m">cl 1</marc:subfield>
			<marc:subfield code="n">xFC</marc:subfield>
			<marc:subfield code="o">c</marc:subfield>
			<marc:subfield code="p">=1/4.'xG8B4.B''8E/4E-2-/</marc:subfield>
			<marc:subfield code="r">D</marc:subfield>
			<marc:subfield code="2">pe</marc:subfield>
		</marc:datafield>
		<marc:datafield tag="031" ind1=" " ind2=" ">
			<marc:subfield code="a">1.13.2</marc:subfield>
			<marc:subfield code="e">Chor des Volkes</marc:subfield>
			<marc:subfield code="g">G-2</marc:subfield>
			<marc:subfield code="m">S coro</marc:subfield>
			<marc:subfield code="n">xFC</marc:subfield>
			<marc:subfield code="o">c</marc:subfield>
			<marc:subfield code="p">=93//=2/''2F-/F-/A-/=23/</marc:subfield>
			<marc:subfield code="r">D</marc:subfield>
			<marc:subfield code="t">Heil soweit die Meere den Erdball umkreisen</marc:subfield>
			<marc:subfield code="2">pe</marc:subfield>
		</marc:datafield>
		<marc:datafield tag="031" ind1=" " ind2=" ">
			<marc:subfield code="a">1.14.1</marc:subfield>
			<marc:subfield code="d">No.13a. Entreact und Chor.</marc:subfield>
			<marc:subfield code="d">Maestoso</marc:subfield>
			<marc:subfield code="g">G-2</marc:subfield>
			<marc:subfield code="m">vl 1</marc:subfield>
			<marc:subfield code="n">bBEA</marc:subfield>
			<marc:subfield code="o">c</marc:subfield>
			<marc:subfield code="p">=1/''2E4.E8F/2.G4E/DC'BA/xF2G</marc:subfield>
			<marc:subfield code="r">c</marc:subfield>
			<marc:subfield code="2">pe</marc:subfield>
		</marc:datafield>
		<marc:datafield tag="031" ind1=" " ind2=" ">
			<marc:subfield code="a">1.14.2</marc:subfield>
			<marc:subfield code="d">Mit ruhiger nicht zu langsamer Bewegung</marc:subfield>
			<marc:subfield code="e">Chor des Volkes</marc:subfield>
			<marc:subfield code="g">G-2</marc:subfield>
			<marc:subfield code="m">S coro</marc:subfield>
			<marc:subfield code="n">bBEA</marc:subfield>
			<marc:subfield code="p">=112//'9G2GFEAG/</marc:subfield>
			<marc:subfield code="q">no time signature</marc:subfield>
			<marc:subfield code="r">Eb</marc:subfield>
			<marc:subfield code="t">Suscepit Israel puerum suum</marc:subfield>
			<marc:subfield code="2">pe</marc:subfield>
		</marc:datafield>
		<marc:datafield tag="031" ind1=" " ind2=" ">
			<marc:subfield code="a">1.15.1</marc:subfield>
			<marc:subfield code="d">No.13b. Finale.</marc:subfield>
			<marc:subfield code="d">Largo</marc:subfield>
			<marc:subfield code="e">Chor des Volkes</marc:subfield>
			<marc:subfield code="g">G-2</marc:subfield>
			<marc:subfield code="m">S coro</marc:subfield>
			<marc:subfield code="n">bBEA</marc:subfield>
			<marc:subfield code="o">3/4</marc:subfield>
			<marc:subfield code="p">=1/'4EGB/8.B6B2B/4BB''C/C'B-/=1/</marc:subfield>
			<marc:subfield code="r">5t</marc:subfield>
			<marc:subfield code="t">O Herr Gott Israels sei du gepriesen</marc:subfield>
			<marc:subfield code="2">pe</marc:subfield>
		</marc:datafield>
		<marc:datafield tag="031" ind1=" " ind2=" ">
			<marc:subfield code="a">1.2.1</marc:subfield>
			<marc:subfield code="d">No. 1 Introduction.</marc:subfield>
			<marc:subfield code="d">(Siegesfeier in Rom.)</marc:subfield>
			<marc:subfield code="d">Maestoso</marc:subfield>
			<marc:subfield code="e">Chor des Volkes</marc:subfield>
			<marc:subfield code="g">G-2</marc:subfield>
			<marc:subfield code="m">S coro</marc:subfield>
			<marc:subfield code="o">c</marc:subfield>
			<marc:subfield code="p">=4//=9/4-8-'G4.G8G/''2D-/-4-8-'G/''2E-/4-8-</marc:subfield>
			<marc:subfield code="r">C</marc:subfield>
			<marc:subfield code="t">Jo Triumph</marc:subfield>
			<marc:subfield code="2">pe</marc:subfield>
		</marc:datafield>
		<marc:datafield tag="031" ind1=" " ind2=" ">
			<marc:subfield code="a">1.3.1</marc:subfield>
			<marc:subfield code="d">No.2. Quartett</marc:subfield>
			<marc:subfield code="d">Gemächlich</marc:subfield>
			<marc:subfield code="e">Pankratius</marc:subfield>
			<marc:subfield code="g">G-2</marc:subfield>
			<marc:subfield code="m">S solo</marc:subfield>
			<marc:subfield code="n">bBE</marc:subfield>
			<marc:subfield code="o">9/8</marc:subfield>
			<marc:subfield code="p">48---''FFD/-'F''D'B--/=1/4-</marc:subfield>
			<marc:subfield code="r">Bb</marc:subfield>
			<marc:subfield code="t">O Vater sei liebend gegrüßt</marc:subfield>
			<marc:subfield code="2">pe</marc:subfield>
		</marc:datafield>
		<marc:datafield tag="031" ind1=" " ind2=" ">
			<marc:subfield code="a">1.4.1</marc:subfield>
			<marc:subfield code="d">No.3. Recitativ und Arie.</marc:subfield>
			<marc:subfield code="d">Andante</marc:subfield>
			<marc:subfield code="e">Nearchus</marc:subfield>
			<marc:subfield code="g">G-2</marc:subfield>
			<marc:subfield code="m">T solo</marc:subfield>
			<marc:subfield code="n">xF</marc:subfield>
			<marc:subfield code="o">3/4</marc:subfield>
			<marc:subfield code="p">=1/8-'BBxA4B/8-GGF4G/8-</marc:subfield>
			<marc:subfield code="r">e</marc:subfield>
			<marc:subfield code="t">Was sinnest du und blickst ins Weite</marc:subfield>
			<marc:subfield code="2">pe</marc:subfield>
		</marc:datafield>
		<marc:datafield tag="031" ind1=" " ind2=" ">
			<marc:subfield code="a">1.4.2</marc:subfield>
			<marc:subfield code="d">Arie</marc:subfield>
			<marc:subfield code="d">Andante grazioso</marc:subfield>
			<marc:subfield code="e">Sebastianus</marc:subfield>
			<marc:subfield code="g">F-4</marc:subfield>
			<marc:subfield code="m">Bariton solo</marc:subfield>
			<marc:subfield code="n">xFCGD</marc:subfield>
			<marc:subfield code="o">c/</marc:subfield>
			<marc:subfield code="p">=101//,4B-'C-/-,BAF/2E4-</marc:subfield>
			<marc:subfield code="r">E</marc:subfield>
			<marc:subfield code="t">Sieh Freund mir ist es Luft</marc:subfield>
			<marc:subfield code="2">pe</marc:subfield>
		</marc:datafield>
		<marc:datafield tag="031" ind1=" " ind2=" ">
			<marc:subfield code="a">1.5.1</marc:subfield>
			<marc:subfield code="d">No.4. Finale.</marc:subfield>
			<marc:subfield code="d">Moderato</marc:subfield>
			<marc:subfield code="e">Chor des Volkes</marc:subfield>
			<marc:subfield code="g">G-2</marc:subfield>
			<marc:subfield code="m">T coro</marc:subfield>
			<marc:subfield code="n">bBEA</marc:subfield>
			<marc:subfield code="o">c</marc:subfield>
			<marc:subfield code="p">2-/=73/2-4-'B/BGB''C/'BFB''C/8-</marc:subfield>
			<marc:subfield code="r">Eb</marc:subfield>
			<marc:subfield code="t">Erklinget brausend Feierklänge</marc:subfield>
			<marc:subfield code="2">pe</marc:subfield>
		</marc:datafield>
		<marc:datafield tag="031" ind1=" " ind2=" ">
			<marc:subfield code="a">1.6.1</marc:subfield>
			<marc:subfield code="d">II.Akt. No.5. Entreact und Chor</marc:subfield>
			<marc:subfield code="g">G-2</marc:subfield>
			<marc:subfield code="m">tr 1</marc:subfield>
			<marc:subfield code="n">bBE</marc:subfield>
			<marc:subfield code="o">3/2</marc:subfield>
			<marc:subfield code="p">'2G2.B4G/2G+4G-2(-)/</marc:subfield>
			<marc:subfield code="r">g</marc:subfield>
			<marc:subfield code="2">pe</marc:subfield>
		</marc:datafield>
		<marc:datafield tag="031" ind1=" " ind2=" ">
			<marc:subfield code="a">1.6.2</marc:subfield>
			<marc:subfield code="e">Chor des Volkes</marc:subfield>
			<marc:subfield code="g">G-2</marc:subfield>
			<marc:subfield code="m">T coro</marc:subfield>
			<marc:subfield code="n">bBE</marc:subfield>
			<marc:subfield code="o">3/2</marc:subfield>
			<marc:subfield code="p">=47//=4//=2/2-4-'GGG/2G2.B4G/2G--/4(-)</marc:subfield>
			<marc:subfield code="r">g</marc:subfield>
			<marc:subfield code="t">In paradisum deducant te angeli in tuo</marc:subfield>
			<marc:subfield code="2">pe</marc:subfield>
		</marc:datafield>
		<marc:datafield tag="031" ind1=" " ind2=" ">
			<marc:subfield code="a">1.7.1</marc:subfield>
			<marc:subfield code="d">No.6. Quintett und Chor</marc:subfield>
			<marc:subfield code="d">Moderato</marc:subfield>
			<marc:subfield code="e">Sebastianus</marc:subfield>
			<marc:subfield code="g">F-4</marc:subfield>
			<marc:subfield code="m">Bariton solo</marc:subfield>
			<marc:subfield code="n">bBEAD</marc:subfield>
			<marc:subfield code="o">3/4</marc:subfield>
			<marc:subfield code="p">=1/,4EFE/8EE{FG}{AB}/'4C,A8-</marc:subfield>
			<marc:subfield code="r">Ab</marc:subfield>
			<marc:subfield code="t">Gib heil'ger Vater mir den Segen</marc:subfield>
			<marc:subfield code="2">pe</marc:subfield>
		</marc:datafield>
		<marc:datafield tag="031" ind1=" " ind2=" ">
			<marc:subfield code="a">1.7.2</marc:subfield>
			<marc:subfield code="e">Chor des Volkes</marc:subfield>
			<marc:subfield code="g">G-2</marc:subfield>
			<marc:subfield code="m">S coro</marc:subfield>
			<marc:subfield code="o">3/4</marc:subfield>
			<marc:subfield code="p">=152//4--'E/24EF/EC/DE/=1/</marc:subfield>
			<marc:subfield code="r">a</marc:subfield>
			<marc:subfield code="t">Aus unsres Elends Tiefen rufen wir</marc:subfield>
			<marc:subfield code="2">pe</marc:subfield>
		</marc:datafield>
		<marc:datafield tag="031" ind1=" " ind2=" ">
			<marc:subfield code="a">1.8.1</marc:subfield>
			<marc:subfield code="d">No.7. Finale.</marc:subfield>
			<marc:subfield code="d">Risoluto</marc:subfield>
			<marc:subfield code="e">Chor der Soldaten</marc:subfield>
			<marc:subfield code="g">G-2</marc:subfield>
			<marc:subfield code="m">T coro</marc:subfield>
			<marc:subfield code="n">bBE</marc:subfield>
			<marc:subfield code="o">3/2</marc:subfield>
			<marc:subfield code="p">=2/2-''EG+/4G-2--/-nEG+/4G--</marc:subfield>
			<marc:subfield code="r">g</marc:subfield>
			<marc:subfield code="t">Gebt Raum hinweg</marc:subfield>
			<marc:subfield code="2">pe</marc:subfield>
		</marc:datafield>
		<marc:datafield tag="031" ind1=" " ind2=" ">
			<marc:subfield code="a">1.9.1</marc:subfield>
			<marc:subfield code="d">Akt III. No.8. Lied und Schwertertanz der Prätorianer.</marc:subfield>
			<marc:subfield code="d">Allegro risoluto</marc:subfield>
			<marc:subfield code="e">Praetorianer</marc:subfield>
			<marc:subfield code="g">F-4</marc:subfield>
			<marc:subfield code="m">B coro</marc:subfield>
			<marc:subfield code="n">xFCG</marc:subfield>
			<marc:subfield code="o">c</marc:subfield>
			<marc:subfield code="p">=6/2-4-@12/8 4-8-/=3/48------8-'CD/C,BAGAB'4C8C-</marc:subfield>
			<marc:subfield code="r">A</marc:subfield>
			<marc:subfield code="t">An des Niles befruchtetem Strande</marc:subfield>
			<marc:subfield code="2">pe</marc:subfield>
		</marc:datafield>
		<marc:datafield tag="033" ind1="0" ind2=" ">
			<marc:subfield code="a">19140221</marc:subfield>
		</marc:datafield>
		<marc:datafield tag="033" ind1="0" ind2=" ">
			<marc:subfield code="a">19250215</marc:subfield>
		</marc:datafield>
		<marc:datafield tag="033" ind1="0" ind2=" ">
			<marc:subfield code="a">19250219</marc:subfield>
		</marc:datafield>
		<marc:datafield tag="033" ind1="0" ind2=" ">
			<marc:subfield code="a">19250222</marc:subfield>
		</marc:datafield>
		<marc:datafield tag="033" ind1="0" ind2=" ">
			<marc:subfield code="a">19250223</marc:subfield>
		</marc:datafield>
		<marc:datafield tag="040" ind1=" " ind2=" ">
			<marc:subfield code="a">CH-BeSRO</marc:subfield>
			<marc:subfield code="b">ger</marc:subfield>
		</marc:datafield>
		<marc:datafield tag="041" ind1="0" ind2=" ">
			<marc:subfield code="a">ger</marc:subfield>
		</marc:datafield>
		<marc:datafield tag="100" ind1="1" ind2=" ">
			<marc:subfield code="a">Breitenbach, Basilius</marc:subfield>
			<marc:subfield code="d">1855-1920</marc:subfield>
			<marc:subfield code="0">007bf78e70f7102c9e580aaa3a22fa81</marc:subfield>
		</marc:datafield>
		<marc:datafield tag="240" ind1="1" ind2="0">
			<marc:subfield code="a">Diokletianus</marc:subfield>
			<marc:subfield code="m">V (7), Coro, orch</marc:subfield>
			<marc:subfield code="0">11eda32870f7102c9e580aaa3a22fa81</marc:subfield>
		</marc:datafield>
		<marc:datafield tag="245" ind1="1" ind2="0">
			<marc:subfield code="a">[score 1, title page:] Diokletianus / Oper in 4 Aufzügen. Text v. Dr. P. / Albert Kuhn. Musik v. P. Basilius / Breitenbach. MCMXIV.</marc:subfield>
			<marc:subfield code="c">Breitenbach, Basilius | 1855-1920</marc:subfield>
		</marc:datafield>
		<marc:datafield tag="260" ind1=" " ind2=" ">
			<marc:subfield code="a">[s.l.]</marc:subfield>
			<marc:subfield code="b">[s.n.]</marc:subfield>
			<marc:subfield code="c">1915</marc:subfield>
			<marc:subfield code="3">Material 3</marc:subfield>
		</marc:datafield>
		<marc:datafield tag="300" ind1=" " ind2=" ">
			<marc:subfield code="a">1 score: 457p.</marc:subfield>
			<marc:subfield code="a">1 short score (piano score): 134p.</marc:subfield>
			<marc:subfield code="3">Material 1</marc:subfield>
		</marc:datafield>
		<marc:datafield tag="300" ind1=" " ind2=" ">
			<marc:subfield code="a">2 scores: 453, 427p</marc:subfield>
			<marc:subfield code="a">2 short scores (piano score): 125, 133p.</marc:subfield>
			<marc:subfield code="a">46 parts: 6, 3, 9, 1, 1, 2, 6; 15, 13, 14, 14, 12, 12, 10, 12, 13, 14, 14, 14, 7, 13, 14, 11, 9, 11, 13, 13, 13, 11; 2, 3, 3, 2, 5, 7, 6, 6, 6, 6, 8, 6, 6; 4, 3; 11p.</marc:subfield>
			<marc:subfield code="c">34 x 26 cm</marc:subfield>
			<marc:subfield code="3">Material 2</marc:subfield>
		</marc:datafield>
		<marc:datafield tag="300" ind1=" " ind2=" ">
			<marc:subfield code="a">41 parts: 6, 3, 4, 8, 2, 1, 1, 6; 10, 10, 10, 15, 9, 9; 3, 5, 6; 4, 4; 37, 37, 37, 37, 37; 32, 32, 35, 35, 35, 35, 34, 34; 28, 28, 28, 28, 32, 32, 32; 2, 2p.</marc:subfield>
			<marc:subfield code="c">32 x 25 cm</marc:subfield>
			<marc:subfield code="3">Material 3</marc:subfield>
		</marc:datafield>
		<marc:datafield tag="300" ind1=" " ind2=" ">
			<marc:subfield code="a">25 parts: 34, 34, 34, 34, 34, 34, 34, 34; 29, 29, 32, 32, 32, 32, 31, 31; 29, 29, 29, 27, 26, 26, 26; 23, 4p.</marc:subfield>
			<marc:subfield code="c">34 x 26 cm</marc:subfield>
			<marc:subfield code="3">Material 4</marc:subfield>
		</marc:datafield>
		<marc:datafield tag="500" ind1=" " ind2=" ">
			<marc:subfield code="a">Die Partituren und die Klavierauszüge enthalten zu Beginn ein Personenverzeichnis und am Schluss folgende Zusammenstellungen: "Solo-Personal", "Besetzung der einzelnen Nummen", "Wiederkehrende Motive, Personen oder Situationen kennzeichnend."</marc:subfield>
		</marc:datafield>
		<marc:datafield tag="500" ind1=" " ind2=" ">
			<marc:subfield code="a">Autographe Bemerkungen zur Entstehungszeit der verschiedenen Nummern vergleiche CH E Mw 116,6 Seite 2</marc:subfield>
		</marc:datafield>
		<marc:datafield tag="500" ind1=" " ind2=" ">
			<marc:subfield code="a">Vermerk am Schluss von Klavierauszug 3: "8.Dez. 1913. / Jos. Stöckler, Dir."</marc:subfield>
		</marc:datafield>
		<marc:datafield tag="500" ind1=" " ind2=" ">
			<marc:subfield code="a">Kopien (Matritzen) aller Vokalstimmen und der Stimmen von vl 1 und vl 2 (geschrieben in Gries 1924 für die Sarner Aufführung) vergleiche CH E 640,1b</marc:subfield>
		</marc:datafield>
		<marc:datafield tag="500" ind1=" " ind2=" ">
			<marc:subfield code="a">4 handschriftliche und 2 gedruckte Textbücher vergleiche CH E 639</marc:subfield>
		</marc:datafield>
		<marc:datafield tag="508" ind1=" " ind2=" ">
			<marc:subfield code="a">Text author: Kuhn, Albert</marc:subfield>
		</marc:datafield>
		<marc:datafield tag="508" ind1=" " ind2=" ">
			<marc:subfield code="a">Conductor: Stöckler, Jos.</marc:subfield>
		</marc:datafield>
		<marc:datafield tag="508" ind1=" " ind2=" ">
			<marc:subfield code="a">Copyist: Vetter, [Pirmin]</marc:subfield>
		</marc:datafield>
		<marc:datafield tag="508" ind1=" " ind2=" ">
			<marc:subfield code="a">Copyist: Grosse</marc:subfield>
		</marc:datafield>
		<marc:datafield tag="518" ind1=" " ind2=" ">
			<marc:subfield code="a">First performance date: 21.2.1914</marc:subfield>
		</marc:datafield>
		<marc:datafield tag="518" ind1=" " ind2=" ">
			<marc:subfield code="a">Performance date: 15.2.1925 Sarnen</marc:subfield>
		</marc:datafield>
		<marc:datafield tag="518" ind1=" " ind2=" ">
			<marc:subfield code="a">Performance date: 19.2.1925 Sarnen</marc:subfield>
		</marc:datafield>
		<marc:datafield tag="518" ind1=" " ind2=" ">
			<marc:subfield code="a">Performance date: 22.2.1925 Sarnen</marc:subfield>
		</marc:datafield>
		<marc:datafield tag="518" ind1=" " ind2=" ">
			<marc:subfield code="a">Performance date: 23.2.1925 Sarnen</marc:subfield>
		</marc:datafield>
		<marc:datafield tag="525" ind1=" " ind2=" ">
			<marc:subfield code="a">Gedruckte Textbücher, Theaterzettel und Zeitungsberichte (Obwaldner Volksfreund) der Sarner Aufführung vergleiche CH E 640,1b</marc:subfield>
		</marc:datafield>
		<marc:datafield tag="590" ind1=" " ind2=" ">
			<marc:subfield code="a">Solo: S (Pankratius), Mezzo-S (Primus), T (Nearchus), Bariton (Sebastian), B (Centurio), B (Pontifex Maximus), B (Marzellinus), Sprechrolle (Diokletianus); Coro (Chor des Volkes): S 1 (3x), S 1 and 2 (2x), A 1 and 2 (3x), T 1 (2x), T 2 (3x), B 1 (4x), B2 (5x); Coro (Chor der Praetorianer): A (4x), T (2x), B (7x); Coro (Chor der Kohorte des Sebastianus): T, B; arp</marc:subfield>
			<marc:subfield code="3">Material 2</marc:subfield>
		</marc:datafield>
		<marc:datafield tag="590" ind1=" " ind2=" ">
			<marc:subfield code="a">Solo: S (Pankratius), Mezzo-S (Primus), T (Nearchus), Bariton (Sebastianus), B (Marzellinus), B (Centurio), B (Pontifex maximus), Sprechrolle (Diokletianus); Coro (Chor des Volkes): S, A, T 1, T 2, B 1, B 2; Coro (Chor der Praetorianer): A, T, B; Coro (Chor der Kohorte des Sebastianus): T, B; vl 1, 2, vla, vlc, b; fl 1, 2, ob 1, 2, cl 1 in Bb, 2 in Bb, fag 1, 2; cor 1 in F, 2 in F, 3 in F, tr 1 in C, 2 in C, trb 1, 2; timp and tamb, tamburino</marc:subfield>
			<marc:subfield code="3">Material 3</marc:subfield>
		</marc:datafield>
		<marc:datafield tag="590" ind1=" " ind2=" ">
			<marc:subfield code="a">vl 1 (2x), vl 2 (2x), vla, vlc (2x), b; fl 1, fl 2, ob 1, ob 2, cl 1, cl 2, fg 1, fg 2; cor 1, cor 2, cor 3, tr 1, tr 2, trb 1, trb 2; timp and tamb, tamburino</marc:subfield>
			<marc:subfield code="3">Material 4</marc:subfield>
		</marc:datafield>
		<marc:datafield tag="593" ind1=" " ind2=" ">
			<marc:subfield code="a">Autograph</marc:subfield>
			<marc:subfield code="3">Material 1</marc:subfield>
		</marc:datafield>
		<marc:datafield tag="593" ind1=" " ind2=" ">
			<marc:subfield code="a">Manuscript</marc:subfield>
			<marc:subfield code="3">Material 2</marc:subfield>
		</marc:datafield>
		<marc:datafield tag="593" ind1=" " ind2=" ">
			<marc:subfield code="a">Manuscript</marc:subfield>
			<marc:subfield code="3">Material 3</marc:subfield>
		</marc:datafield>
		<marc:datafield tag="593" ind1=" " ind2=" ">
			<marc:subfield code="a">Manuscript</marc:subfield>
			<marc:subfield code="3">Material 4</marc:subfield>
		</marc:datafield>
		<marc:datafield tag="594" ind1=" " ind2=" ">
			<marc:subfield code="a">1013</marc:subfield>
			<marc:subfield code="b">Mezzo-S</marc:subfield>
			<marc:subfield code="b">Bariton</marc:subfield>
			<marc:subfield code="c">1111</marc:subfield>
			<marc:subfield code="f">11111</marc:subfield>
			<marc:subfield code="g">2222</marc:subfield>
			<marc:subfield code="h">222</marc:subfield>
			<marc:subfield code="i">arp</marc:subfield>
			<marc:subfield code="k">tamb</marc:subfield>
			<marc:subfield code="k">timp</marc:subfield>
			<marc:subfield code="k">tamburino</marc:subfield>
			<marc:subfield code="k">tam-tam</marc:subfield>
		</marc:datafield>
		<marc:datafield tag="595" ind1=" " ind2=" ">
			<marc:subfield code="a">Chor des Volkes</marc:subfield>
		</marc:datafield>
		<marc:datafield tag="595" ind1=" " ind2=" ">
			<marc:subfield code="a">Pankratius</marc:subfield>
		</marc:datafield>
		<marc:datafield tag="595" ind1=" " ind2=" ">
			<marc:subfield code="a">Nearchus</marc:subfield>
		</marc:datafield>
		<marc:datafield tag="595" ind1=" " ind2=" ">
			<marc:subfield code="a">Sebastianus</marc:subfield>
		</marc:datafield>
		<marc:datafield tag="595" ind1=" " ind2=" ">
			<marc:subfield code="a">Chor des Volkes</marc:subfield>
		</marc:datafield>
		<marc:datafield tag="595" ind1=" " ind2=" ">
			<marc:subfield code="a">Chor des Volkes</marc:subfield>
		</marc:datafield>
		<marc:datafield tag="595" ind1=" " ind2=" ">
			<marc:subfield code="a">Sebastianus</marc:subfield>
		</marc:datafield>
		<marc:datafield tag="595" ind1=" " ind2=" ">
			<marc:subfield code="a">Chor des Volkes</marc:subfield>
		</marc:datafield>
		<marc:datafield tag="595" ind1=" " ind2=" ">
			<marc:subfield code="a">Chor der Soldaten</marc:subfield>
		</marc:datafield>
		<marc:datafield tag="595" ind1=" " ind2=" ">
			<marc:subfield code="a">Praetorianer</marc:subfield>
		</marc:datafield>
		<marc:datafield tag="595" ind1=" " ind2=" ">
			<marc:subfield code="a">Pankratius</marc:subfield>
		</marc:datafield>
		<marc:datafield tag="595" ind1=" " ind2=" ">
			<marc:subfield code="a">Soldaten</marc:subfield>
		</marc:datafield>
		<marc:datafield tag="595" ind1=" " ind2=" ">
			<marc:subfield code="a">Chor des Volkes</marc:subfield>
		</marc:datafield>
		<marc:datafield tag="595" ind1=" " ind2=" ">
			<marc:subfield code="a">Chor des Volkes</marc:subfield>
		</marc:datafield>
		<marc:datafield tag="595" ind1=" " ind2=" ">
			<marc:subfield code="a">Chor des Volkes</marc:subfield>
		</marc:datafield>
		<marc:datafield tag="595" ind1=" " ind2=" ">
			<marc:subfield code="a">Pontifex Maximus (B)</marc:subfield>
		</marc:datafield>
		<marc:datafield tag="595" ind1=" " ind2=" ">
			<marc:subfield code="a">Centurio der Prätorianer (B)</marc:subfield>
		</marc:datafield>
		<marc:datafield tag="595" ind1=" " ind2=" ">
			<marc:subfield code="a">Marzellinus (B)</marc:subfield>
		</marc:datafield>
		<marc:datafield tag="595" ind1=" " ind2=" ">
			<marc:subfield code="a">Primus (Mezzo-S)</marc:subfield>
		</marc:datafield>
		<marc:datafield tag="595" ind1=" " ind2=" ">
			<marc:subfield code="a">Diokletianus (Sprechrolle)</marc:subfield>
		</marc:datafield>
		<marc:datafield tag="600" ind1="1" ind2=" ">
			<marc:subfield code="a">Breitenbach, Basilius</marc:subfield>
			<marc:subfield code="d">1855-1920</marc:subfield>
			<marc:subfield code="0">007bf78e70f7102c9e580aaa3a22fa81</marc:subfield>
		</marc:datafield>
		<marc:datafield tag="650" ind1="0" ind2="7">
			<marc:subfield code="a">Operas</marc:subfield>
			<marc:subfield code="0">fe6c9cbe70f6102c9e580aaa3a22fa81</marc:subfield>
			<marc:subfield code="2">CH-BeSRO</marc:subfield>
		</marc:datafield>
		<marc:datafield tag="653" ind1=" " ind2=" ">
			<marc:subfield code="a">Chor des Volkes</marc:subfield>
		</marc:datafield>
		<marc:datafield tag="653" ind1=" " ind2=" ">
			<marc:subfield code="a">Pankratius</marc:subfield>
		</marc:datafield>
		<marc:datafield tag="653" ind1=" " ind2=" ">
			<marc:subfield code="a">Nearchus</marc:subfield>
		</marc:datafield>
		<marc:datafield tag="653" ind1=" " ind2=" ">
			<marc:subfield code="a">Sebastianus</marc:subfield>
		</marc:datafield>
		<marc:datafield tag="653" ind1=" " ind2=" ">
			<marc:subfield code="a">Chor des Volkes</marc:subfield>
		</marc:datafield>
		<marc:datafield tag="653" ind1=" " ind2=" ">
			<marc:subfield code="a">Chor des Volkes</marc:subfield>
		</marc:datafield>
		<marc:datafield tag="653" ind1=" " ind2=" ">
			<marc:subfield code="a">Sebastianus</marc:subfield>
		</marc:datafield>
		<marc:datafield tag="653" ind1=" " ind2=" ">
			<marc:subfield code="a">Chor des Volkes</marc:subfield>
		</marc:datafield>
		<marc:datafield tag="653" ind1=" " ind2=" ">
			<marc:subfield code="a">Chor der Soldaten</marc:subfield>
		</marc:datafield>
		<marc:datafield tag="653" ind1=" " ind2=" ">
			<marc:subfield code="a">Praetorianer</marc:subfield>
		</marc:datafield>
		<marc:datafield tag="653" ind1=" " ind2=" ">
			<marc:subfield code="a">Pankratius</marc:subfield>
		</marc:datafield>
		<marc:datafield tag="653" ind1=" " ind2=" ">
			<marc:subfield code="a">Soldaten</marc:subfield>
		</marc:datafield>
		<marc:datafield tag="653" ind1=" " ind2=" ">
			<marc:subfield code="a">Chor des Volkes</marc:subfield>
		</marc:datafield>
		<marc:datafield tag="653" ind1=" " ind2=" ">
			<marc:subfield code="a">Chor des Volkes</marc:subfield>
		</marc:datafield>
		<marc:datafield tag="653" ind1=" " ind2=" ">
			<marc:subfield code="a">Chor des Volkes</marc:subfield>
		</marc:datafield>
		<marc:datafield tag="653" ind1=" " ind2=" ">
			<marc:subfield code="a">Pontifex Maximus (B)</marc:subfield>
		</marc:datafield>
		<marc:datafield tag="653" ind1=" " ind2=" ">
			<marc:subfield code="a">Centurio der Prätorianer (B)</marc:subfield>
		</marc:datafield>
		<marc:datafield tag="653" ind1=" " ind2=" ">
			<marc:subfield code="a">Marzellinus (B)</marc:subfield>
		</marc:datafield>
		<marc:datafield tag="653" ind1=" " ind2=" ">
			<marc:subfield code="a">Primus (Mezzo-S)</marc:subfield>
		</marc:datafield>
		<marc:datafield tag="653" ind1=" " ind2=" ">
			<marc:subfield code="a">Diokletianus (Sprechrolle)</marc:subfield>
		</marc:datafield>
		<marc:datafield tag="691" ind1=" " ind2="7">
			<marc:subfield code="a">SchweizerKomponistenEinsiedeln</marc:subfield>
			<marc:subfield code="0">070a048870f7102c9e580aaa3a22fa81</marc:subfield>
			<marc:subfield code="2">CH-BeSRO</marc:subfield>
		</marc:datafield>
		<marc:datafield tag="700" ind1="1" ind2=" ">
			<marc:subfield code="a">Kuhn, Albert</marc:subfield>
			<marc:subfield code="0">12b3613a70f7102c9e580aaa3a22fa81</marc:subfield>
			<marc:subfield code="4">lyr</marc:subfield>
		</marc:datafield>
		<marc:datafield tag="700" ind1="1" ind2=" ">
			<marc:subfield code="a">Stöckler, Jos.</marc:subfield>
			<marc:subfield code="0">130259b670f7102c9e580aaa3a22fa81</marc:subfield>
			<marc:subfield code="4">cnd</marc:subfield>
		</marc:datafield>
		<marc:datafield tag="700" ind1="1" ind2=" ">
			<marc:subfield code="a">Vetter, Pirmin</marc:subfield>
			<marc:subfield code="0">1315231670f7102c9e580aaa3a22fa81</marc:subfield>
			<marc:subfield code="4">scr</marc:subfield>
		</marc:datafield>
		<marc:datafield tag="700" ind1="1" ind2=" ">
			<marc:subfield code="a">Grosse</marc:subfield>
			<marc:subfield code="0">13165a7e70f7102c9e580aaa3a22fa81</marc:subfield>
			<marc:subfield code="4">scr</marc:subfield>
		</marc:datafield>
		<marc:datafield tag="740" ind1="0" ind2=" ">
			<marc:subfield code="a">O Vater wird sind in enger Kerkerhaft</marc:subfield>
		</marc:datafield>
		<marc:datafield tag="740" ind1="0" ind2=" ">
			<marc:subfield code="a">Auf ins Feld uns gehört die Welt</marc:subfield>
		</marc:datafield>
		<marc:datafield tag="740" ind1="0" ind2=" ">
			<marc:subfield code="a">Heil soweit die Meere den Erdball umkreisen</marc:subfield>
		</marc:datafield>
		<marc:datafield tag="740" ind1="0" ind2=" ">
			<marc:subfield code="a">Suscepit Israel puerum suum</marc:subfield>
		</marc:datafield>
		<marc:datafield tag="740" ind1="0" ind2=" ">
			<marc:subfield code="a">O Herr Gott Israels sei du gepriesen</marc:subfield>
		</marc:datafield>
		<marc:datafield tag="740" ind1="0" ind2=" ">
			<marc:subfield code="a">Jo Triumph</marc:subfield>
		</marc:datafield>
		<marc:datafield tag="740" ind1="0" ind2=" ">
			<marc:subfield code="a">O Vater sei liebend gegrüßt</marc:subfield>
		</marc:datafield>
		<marc:datafield tag="740" ind1="0" ind2=" ">
			<marc:subfield code="a">Was sinnest du und blickst ins Weite</marc:subfield>
		</marc:datafield>
		<marc:datafield tag="740" ind1="0" ind2=" ">
			<marc:subfield code="a">Sieh Freund mir ist es Luft</marc:subfield>
		</marc:datafield>
		<marc:datafield tag="740" ind1="0" ind2=" ">
			<marc:subfield code="a">Erklinget brausend Feierklänge</marc:subfield>
		</marc:datafield>
		<marc:datafield tag="740" ind1="0" ind2=" ">
			<marc:subfield code="a">In paradisum deducant te angeli in tuo</marc:subfield>
		</marc:datafield>
		<marc:datafield tag="740" ind1="0" ind2=" ">
			<marc:subfield code="a">Gib heil'ger Vater mir den Segen</marc:subfield>
		</marc:datafield>
		<marc:datafield tag="740" ind1="0" ind2=" ">
			<marc:subfield code="a">Aus unsres Elends Tiefen rufen wir</marc:subfield>
		</marc:datafield>
		<marc:datafield tag="740" ind1="0" ind2=" ">
			<marc:subfield code="a">Gebt Raum hinweg</marc:subfield>
		</marc:datafield>
		<marc:datafield tag="740" ind1="0" ind2=" ">
			<marc:subfield code="a">An des Niles befruchtetem Strande</marc:subfield>
		</marc:datafield>
		<marc:datafield tag="852" ind1=" " ind2=" ">
			<marc:subfield code="a">CH-E</marc:subfield>
			<marc:subfield code="e">Kloster Einsiedeln, Musikbibliothek</marc:subfield>
			<marc:subfield code="p">Mw 128 [score 1], Mw 64 [score 2], Mw 69 [score 3], Mw 79 [piano score 1], Mw 117 [piano score 2], Mw 70 [piano score 3], 639 [parts 1], 895,1 [parts 2], 640,1a [parts 3]</marc:subfield>
			<marc:subfield code="0">0424571e70f7102c9e580aaa3a22fa81</marc:subfield>
		</marc:datafield>
	</marc:record>
</marc:collection>